@article{greenwade93,
    author  = "George D. Greenwade",
    title   = "The {C}omprehensive {T}ex {A}rchive {N}etwork ({CTAN})",
    year    = "1993",
    journal = "TUGBoat",
    volume  = "14",
    number  = "3",
    pages   = "342--351"
}

@inproceedings{nicola2018lstm,
  title={A {LSTM} {N}eural {N}etwork applied to {M}obile {R}obots {P}ath {P}lanning},
  author={Nicola, Fiorato and Fujimoto, Yasutaka and Oboe, Roberto},
  booktitle={2018 IEEE 16th International Conference on Industrial Informatics (INDIN)},
  pages={349--354},
  year={2018},
  organization={IEEE}
}

@article{lee2018lstm,
  title={{LSTM} {I}teration {N}etworks: {A}n {E}xploration of {D}ifferentiable {P}ath {F}inding},
  author={Lee, Lisa and Parisotto, Emilio and Chaplot, Devendra Singh and Salakhutdinov, Ruslan},
  year={2018}
}

@article{gonzalez2016review,
  title={{A} {R}eview of {M}otion {P}lanning {T}echniques for {A}utomated {V}ehicles.},
  author={Gonz{\'a}lez, David and P{\'e}rez, Joshu{\'e} and Milan{\'e}s, Vicente and Nashashibi, Fawzi},
  journal={IEEE Trans. Intelligent Transportation Systems},
  volume={17},
  number={4},
  pages={1135--1145},
  year={2016}
}

@book{lavalle2006planning,
  title={{P}lanning algorithms},
  author={LaValle, Steven M},
  year={2006},
  publisher={Cambridge university press}
}

@inproceedings{tamar2016value,
  title={{V}alue {I}teration {N}etworks},
  author={Tamar, Aviv and Wu, Yi and Thomas, Garrett and Levine, Sergey and Abbeel, Pieter},
  booktitle={Advances in Neural Information Processing Systems},
  pages={2154--2162},
  year={2016}
}

@incollection{inoue2019robot,
  title={{R}obot {P}ath {P}lanning by {LSTM} {N}etwork {U}nder {C}hanging {E}nvironment},
  author={Inoue, Masaya and Yamashita, Takahiro and Nishida, Takeshi},
  booktitle={Advances in Computer Communication and Computational Sciences},
  pages={317--329},
  year={2019},
  publisher={Springer}
}

@book{choset2005principles,
  title={{P}rinciples of robot motion: theory, algorithms, and implementation},
  author={Choset, Howie M and Hutchinson, Seth and Lynch, Kevin M and Kantor, George and Burgard, Wolfram and Kavraki, Lydia E and Thrun, Sebastian},
  year={2005},
  publisher={MIT press}
}

@article{hochreiter1997long,
  title={{L}ong short-term memory},
  author={Hochreiter, Sepp and Schmidhuber, J{\"u}rgen},
  journal={Neural computation},
  volume={9},
  number={8},
  pages={1735--1780},
  year={1997},
  publisher={MIT Press}
}

@article{szepesvari2010algorithms,
  title={{A}lgorithms for reinforcement learning},
  author={Szepesv{\'a}ri, Csaba},
  journal={Synthesis lectures on artificial intelligence and machine learning},
  volume={4},
  number={1},
  pages={1--103},
  year={2010},
  publisher={Morgan \& Claypool Publishers}
}

@article{lavalle1998rapidly,
  title={{R}apidly-exploring random trees: A new tool for path planning},
  author={LaValle, Steven M},
  year={1998},
  publisher={Citeseer}
}

@inproceedings{rodriguez2006obstacle,
  title={{A}n obstacle-based rapidly-exploring random tree},
  author={Rodriguez, Samuel and Tang, Xinyu and Lien, Jyh-Ming and Amato, Nancy M},
  booktitle={Proceedings 2006 IEEE International Conference on Robotics and Automation, 2006. ICRA 2006.},
  pages={895--900},
  year={2006},
  organization={IEEE}
}

@article{gammell2014informed,
  title={{I}nformed {RRT}*: {O}ptimal sampling-based path planning focused via direct sampling of an admissible ellipsoidal heuristic},
  author={Gammell, Jonathan D and Srinivasa, Siddhartha S and Barfoot, Timothy D},
  journal={arXiv preprint arXiv:1404.2334},
  year={2014}
}

@article{lavalle2001randomized,
  title={{R}andomized kinodynamic planning},
  author={LaValle, Steven M and Kuffner Jr, James J},
  journal={The international journal of robotics research},
  volume={20},
  number={5},
  pages={378--400},
  year={2001},
  publisher={SAGE Publications}
}

@article{karaman2011sampling,
  title={{S}ampling-based algorithms for optimal motion planning},
  author={Karaman, Sertac and Frazzoli, Emilio},
  journal={The international journal of robotics research},
  volume={30},
  number={7},
  pages={846--894},
  year={2011},
  publisher={Sage Publications Sage UK: London, England}
}

@book{Goodfellow-et-al-2016,
    title={{D}eep {L}earning},
    author={Ian Goodfellow and Yoshua Bengio and Aaron Courville},
    publisher={MIT Press},
    note="Available: \url{http://www.deeplearningbook.org}; accessed \today",
    year={2016}
}

@book{ml,
    title={{M}achine {L}earning},
    author={Tom M. Mitchell},
    publisher={McGraw-Hill Science/Engineering/Math},
    year={1997}
}

@online{LSTM_blog_old,
  author = {Christopher Olah},
  title = {{U}nderstanding {LSTM} {N}etworks},
  year = 2015,
  url = {https://colah.github.io/posts/2015-08-Understanding-LSTMs/},
}

@article{LSTM_blog,
    author = {Christopher Olah},
    title = {{U}nderstanding {LSTM} {N}etworks},
    year = 2015,
    note = "Available: \url{https://colah.github.io/posts/2015-08-Understanding-LSTMs/}; accessed \today"
}

@article{ge2002dynamic,
  title={{D}ynamic motion planning for mobile robots using potential field method},
  author={Ge, Shuzhi Sam and Cui, Yun J},
  journal={Autonomous robots},
  volume={13},
  number={3},
  pages={207--222},
  year={2002},
  publisher={Springer}
}

@inproceedings{inproceedings,
    author = {Woods, Alexander and La, Hung},
    year = {2015},
    month = {12},
    pages = {},
    title = {{D}ynamic {T}arget {T}racking and {O}bstacle {A}voidance using a {D}rone},
    doi = {10.1007/978-3-319-27857-5_76}
}

@article {tensorflow_vs_pytorch,
    author = {Udacity India},
    title = {{T}ensorflow or {P}y{T}orch : {T}he force is strong with which one?},
    year = 2018,
    note = "Available: \url{https://medium.com/@UdacityINDIA/tensorflow-or-pytorch-the-force-is-strong-with-which-one-68226bb7dab4}; accessed \today"
}

@phdthesis{conf_mat,
    author = {Krüger, Frank},
    year = {2016},
    month = {12},
    pages = {71-71},
    title = {{A}ctivity, {C}ontext, and {P}lan {R}ecognition with {C}omputational {C}ausal {B}ehaviour {M}odels}
}

% new citations

@book{Cormen:2009:IAT:1614191,
 author = {Cormen, Thomas H. and Leiserson, Charles E. and Rivest, Ronald L. and Stein, Clifford},
 title = {{Introduction to Algorithms, Third Edition}},
 year = {2009},
 isbn = {0262033844, 9780262033848},
 edition = {3rd},
 publisher = {The MIT Press},
} 

@inproceedings{luo2014effective,
  title={An effective trace-guided wavefront navigation and map-building approach for autonomous mobile robots},
  author={Luo, Chaomin and Krishnan, Mohan and Paulik, Mark and Jan, Gene Eu},
  booktitle={Intelligent Robots and Computer Vision XXXI: Algorithms and Techniques},
  volume={9025},
  pages={90250U},
  year={2014},
  organization={International Society for Optics and Photonics}
}

@article{duchovn2014path,
  title={Path planning with modified a star algorithm for a mobile robot},
  author={Ducho{\v{n}}, Franti{\v{s}}ek and Babinec, Andrej and Kajan, Martin and Be{\v{n}}o, Peter and Florek, Martin and Fico, Tom{\'a}{\v{s}} and Juri{\v{s}}ica, Ladislav},
  journal={Procedia Engineering},
  volume={96},
  pages={59--69},
  year={2014},
  publisher={Elsevier}
}

@article{zhang2014multiple,
  title={A multiple mobile robots path planning algorithm based on A-star and Dijkstra algorithm},
  author={Zhang, Zhanying and Zhao, Ziping},
  journal={International Journal of Smart Home},
  volume={8},
  number={3},
  pages={75--86},
  year={2014},
  publisher={Citeseer}
}

@inproceedings{rajko2001pursuit,
  title={A pursuit-evasion bug algorithm},
  author={Rajko, Stjepan and LaValle, Steven M},
  booktitle={Proceedings 2001 ICRA. IEEE International Conference on Robotics and Automation (Cat. No. 01CH37164)},
  volume={2},
  pages={1954--1960},
  year={2001},
  organization={IEEE}
}

@article{lumelsky1986dynamic,
  title={Dynamic path planning for a mobile automaton with limited information on the environment},
  author={Lumelsky, V and Stepanov, Alexander},
  journal={IEEE transactions on Automatic control},
  volume={31},
  number={11},
  pages={1058--1063},
  year={1986},
  publisher={IEEE}
}

@article{kamon1998tangentbug,
  title={Tangentbug: A range-sensor-based navigation algorithm},
  author={Kamon, Ishay and Rimon, Elon and Rivlin, Ehud},
  journal={The International Journal of Robotics Research},
  volume={17},
  number={9},
  pages={934--953},
  year={1998},
  publisher={Sage Publications Sage CA: Thousand Oaks, CA}
}

@article{barraquand1992numerical,
  title={Numerical potential field techniques for robot path planning},
  author={Barraquand, Jerome and Langlois, Bruno and Latombe, J-C},
  journal={IEEE transactions on systems, man, and cybernetics},
  volume={22},
  number={2},
  pages={224--241},
  year={1992},
  publisher={IEEE}
}

@INPROCEEDINGS{5937169, 
author={W. Y. {Loong} and L. Z. {Long} and L. C. {Hun}}, 
booktitle={2011 4th International Conference on Mechatronics (ICOM)}, 
title={A star path following mobile robot}, 
year={2011}, 
volume={}, 
number={}, 
pages={1-7}, 
keywords={control engineering computing;graphical user interfaces;microcontrollers;mobile robots;star path following mobile robot;intelligent path mapping visual interface program;Windows operating system environment;microcontroller-based APF wheeled mobile robot;computer graphical user interface;A algorithm;graph traversal;path finding;GUI;Mobile robots;Graphical user interfaces;Collision avoidance;Visualization;Algorithm design and analysis;Software algorithms;Mobile Robot;A∗algorithm;Path Finding}, 
doi={10.1109/ICOM.2011.5937169}, 
ISSN={}, 
month={May},}

@article{satia1973markovian,
  title={Markovian decision processes with uncertain transition probabilities},
  author={Satia, Jay K and Lave Jr, Roy E},
  journal={Operations Research},
  volume={21},
  number={3},
  pages={728--740},
  year={1973},
  publisher={INFORMS}
}

% ml imp course

@book{russell2016artificial,
  title={Artificial Intelligence: A Modern Approach},
  author={Russell, Stuart J and Norvig, Peter},
  year={2016},
  publisher={Malaysia; Pearson Education Limited,}
}

% extra ml

@article{lecun2015deep,
  title={Deep Learning},
  author={LeCun, Yann and Bengio, Yoshua and Hinton, Geoffrey},
  journal={nature},
  volume={521},
  number={7553},
  pages={436},
  year={2015},
  publisher={Nature Publishing Group}
}

@inproceedings{dietterich2000ensemble,
  title={Ensemble methods in machine learning},
  author={Dietterich, Thomas G},
  booktitle={International workshop on multiple classifier systems},
  pages={1--15},
  year={2000},
  organization={Springer}
}

@book{jolliffe2011principal,
  title={Principal component analysis},
  author={Jolliffe, Ian},
  year={2011},
  publisher={Springer}
}

@article{wold1987principal,
  title={Principal component analysis},
  author={Wold, Svante and Esbensen, Kim and Geladi, Paul},
  journal={Chemometrics and intelligent laboratory systems},
  volume={2},
  number={1-3},
  pages={37--52},
  year={1987},
  publisher={Elsevier}
}

@inproceedings{holden2015learning,
  title={Learning motion manifolds with convolutional autoencoders},
  author={Holden, Daniel and Saito, Jun and Komura, Taku and Joyce, Thomas},
  booktitle={SIGGRAPH Asia 2015 Technical Briefs},
  pages={18},
  year={2015},
  organization={ACM}
}

% mvc and soft eng design

@article{krasner1988description,
  title={A description of the model-view-controller user interface paradigm in the smalltalk-80 system},
  author={Krasner, Glenn E and Pope, Stephen T and others},
  journal={Journal of object oriented programming},
  volume={1},
  number={3},
  pages={26--49},
  year={1988}
}

@article{hannemann2002design,
  title={Design pattern implementation in Java and AspectJ},
  author={Hannemann, Jan and Kiczales, Gregor},
  journal={ACM Sigplan Notices},
  volume={37},
  number={11},
  pages={161--173},
  year={2002},
  publisher={ACM}
}

@article{mnist,
    author = {Yann LeCun, Corinna Cortes, Christopher J.C. Burges},
    title = {{T}he {M}{N}{I}{S}{T} {D}atabase},
    year = 1998,
    note = "Available: \url{http://yann.lecun.com/exdb/mnist/}; accessed \today"
}

@article{cifar_10,
    author = {Alex Krizhevsky, Vinod Nair, Geoffrey Hinton},
    title = {{T}he {C}{I}{F}{A}{R}-10 {D}ataset},
    year = 2009,
    note = "Available: \url{https://www.cs.toronto.edu/~kriz/cifar.html}; accessed \today"
}

@article{ioffe2015batch,
  title={Batch normalization: Accelerating deep network training by reducing internal covariate shift},
  author={Ioffe, Sergey and Szegedy, Christian},
  journal={arXiv preprint arXiv:1502.03167},
  year={2015}
}

@article{colab_specs,
  title={{C}olab {S}ystem {S}pecs},
  note = "Available: \url{https://colab.research.google.com/drive/151805XTDg--dgHb3-AXJCpnWaqRhop_2#scrollTo=gsqXZwauphVV}; accessed \today",
  year={2019}
}

@inproceedings{song2017semantic,
  title={Semantic scene completion from a single depth image},
  author={Song, Shuran and Yu, Fisher and Zeng, Andy and Chang, Angel X and Savva, Manolis and Funkhouser, Thomas},
  booktitle={Proceedings of the IEEE Conference on Computer Vision and Pattern Recognition},
  pages={1746--1754},
  year={2017}
}

@article{dissanayake2001solution,
  title={A solution to the simultaneous localization and map building (SLAM) problem},
  author={Dissanayake, MWM Gamini and Newman, Paul and Clark, Steve and Durrant-Whyte, Hugh F and Csorba, Michael},
  journal={IEEE Transactions on robotics and automation},
  volume={17},
  number={3},
  pages={229--241},
  year={2001},
  publisher={IEEE}
}

@article{paszke2017automatic,
  title={Automatic differentiation in PyTorch},
  author={Paszke, Adam and Gross, Sam and Chintala, Soumith and Chanan, Gregory and Yang, Edward and DeVito, Zachary and Lin, Zeming and Desmaison, Alban and Antiga, Luca and Lerer, Adam},
  year={2017}
}

@article{pygame,
    author = {Pete Shinners},
    title = {PyGame},
    year = 2011,
    note = "Available: \url{http://pygame.org/}; accessed \today"
}

@article{pyglet,
    author = {Alex Holkner},
    title = {Pyglet Documentation},
    year = 2017,
    note = "Available: \url{https://buildmedia.readthedocs.org/media/pdf/pyglet/latest/pyglet.pdf}; accessed \today"
}

@misc{tensorflow2015_whitepaper,
title={{TensorFlow}: Large-Scale Machine Learning on Heterogeneous Systems},
url={http://tensorflow.org/},
note={Software available from tensorflow.org},
author={
    Mart\'{\i}n~Abadi and
    Ashish~Agarwal and
    Paul~Barham and
    Eugene~Brevdo and
    Zhifeng~Chen and
    Craig~Citro and
    Greg~S.~Corrado and
    Andy~Davis and
    Jeffrey~Dean and
    Matthieu~Devin and
    Sanjay~Ghemawat and
    Ian~Goodfellow and
    Andrew~Harp and
    Geoffrey~Irving and
    Michael~Isard and
    Yangqing Jia and
    Rafal~Jozefowicz and
    Lukasz~Kaiser and
    Manjunath~Kudlur and
    Josh~Levenberg and
    Dan~Man\'{e} and
    Rajat~Monga and
    Sherry~Moore and
    Derek~Murray and
    Chris~Olah and
    Mike~Schuster and
    Jonathon~Shlens and
    Benoit~Steiner and
    Ilya~Sutskever and
    Kunal~Talwar and
    Paul~Tucker and
    Vincent~Vanhoucke and
    Vijay~Vasudevan and
    Fernanda~Vi\'{e}gas and
    Oriol~Vinyals and
    Pete~Warden and
    Martin~Wattenberg and
    Martin~Wicke and
    Yuan~Yu and
    Xiaoqiang~Zheng},
  year={2015},
}

@inproceedings{bartneck2015robot,
  title={The robot engine—Making the unity 3D game engine work for HRI},
  author={Bartneck, Christoph and Soucy, Marius and Fleuret, Kevin and Sandoval, Eduardo B},
  booktitle={2015 24th IEEE International Symposium on Robot and Human Interactive Communication (RO-MAN)},
  pages={431--437},
  year={2015},
  organization={IEEE}
}

@book{opengl,
 author = {Shreiner, Dave},
 title = {OpenGL Reference Manual: The Official Reference Document to OpenGL, Version 1.2},
 year = {1999},
 isbn = {0201657651},
 edition = {3rd},
 publisher = {Addison-Wesley Longman Publishing Co., Inc.},
 address = {Boston, MA, USA},
} 

@book{foord2009ironpython,
  title={IronPython in action},
  author={Foord, Michael and Muirhead, Christian},
  year={2009},
  publisher={Manning Publications Co.}
}

@article{pymunk,
    author = {Victor Blomqvist},
    title = {pymunk Documentation},
    year = 2019,
    note = "Available: \url{https://buildmedia.readthedocs.org/media/pdf/pymunk/latest/pymunk.pdf}; accessed \today"
}

@misc{OpenAI_Gym,
  Author = {Greg Brockman and Vicki Cheung and Ludwig Pettersson and Jonas Schneider and John Schulman and Jie Tang and Wojciech Zaremba},
  Title = {OpenAI Gym},
  Year = {2016},
  Eprint = {arXiv:1606.01540},
}

@article{sucan2012the_open_motion_planning_library,
    Author = {Ioan A. {\c{S}}ucan and Mark Moll and Lydia E. Kavraki},
    Doi = {10.1109/MRA.2012.2205651},
    Journal = {{IEEE} Robotics \& Automation Magazine},
    Month = {December},
    Number = {4},
    Pages = {72--82},
    Title = {The {O}pen {M}otion {P}lanning {L}ibrary},
    Note = {\url{http://ompl.kavrakilab.org}},
    Volume = {19},
    Year = {2012}
}

@article{moveit,
    author = {I. A. Şucan and S. Chitta},
    title = {{M}ove{I}t},
    note = "Available: \url{https://moveit.ros.org}; accessed \today"
}

@article{moll2015benchmarking,
  title={Benchmarking motion planning algorithms: An extensible infrastructure for analysis and visualization},
  author={Moll, Mark and Sucan, Ioan A and Kavraki, Lydia E},
  journal={IEEE Robotics \& Automation Magazine},
  volume={22},
  number={3},
  pages={96--102},
  year={2015},
  publisher={IEEE}
}

@inproceedings{Quigley09,
    author="Morgan Quigley and Brian Gerkey and Ken Conley and Josh Faust and
    Tully Foote and Jeremy Leibs and Eric Berger and Rob Wheeler and Andrew Ng",
    title="ROS: an open-source Robot Operating System",
    booktitle="Proc. of the IEEE Intl. Conf. on Robotics and Automation (ICRA)
    Workshop on Open Source Robotics",
    month = may,
    year=2009,
    address="Kobe, Japan"
}

@inproceedings{sklearn_api,
  author    = {Lars Buitinck and Gilles Louppe and Mathieu Blondel and
               Fabian Pedregosa and Andreas Mueller and Olivier Grisel and
               Vlad Niculae and Peter Prettenhofer and Alexandre Gramfort
               and Jaques Grobler and Robert Layton and Jake VanderPlas and
               Arnaud Joly and Brian Holt and Ga{\"{e}}l Varoquaux},
  title     = {{API} design for machine learning software: experiences from the scikit-learn
               project},
  booktitle = {ECML PKDD Workshop: Languages for Data Mining and Machine Learning},
  year      = {2013},
  pages = {108--122},
}

% real world maps
%1
@article{first_map,
    author = {Howard, Andrew and Parker, Lynne and S. Sukhatme, Gaurav},
    year = {2004},
    month = {06},
    pages = {},
    title = {The SDR Experience: Experiments with a Large-Scale Heterogeneous Mobile Robot Team},
    volume = {21},
    doi = {10.1007/11552246_12}
}

%2
@article{second_map,
author="Gholami Shahbandi, Saeed
and Magnusson, Martin",
title="2D map alignment with region decomposition",
journal="Autonomous Robots",
year="2019",
month="Jun",
day="01",
volume="43",
number="5",
pages="1117--1136",
abstract="In many applications of autonomous mobile robots the following problem is encountered. Two maps of the same environment are available, one a prior map and the other a sensor map built by the robot. To benefit from all available information in both maps, the robot must find the correct alignment between the two maps. There exist many approaches to address this challenge, however, most of the previous methods rely on assumptions such as similar modalities of the maps, same scale, or existence of an initial guess for the alignment. In this work we propose a decomposition-based method for 2D spatial map alignment which does not rely on those assumptions. Our proposed method is validated and compared with other approaches, including generic data association approaches and map alignment algorithms. Real world examples of four different environments with thirty six sensor maps and four layout maps are used for this analysis. The maps, along with an implementation of the method, are made publicly available online.",
issn="1573-7527",
doi="10.1007/s10514-018-9785-7",
url="https://doi.org/10.1007/s10514-018-9785-7"
}

% 3
@article{third_map,
    author = {Robert Tang},
    title = {{C}ustom {P}layer plugins},
    note = "Available: \url{http://robotang.co.nz/projects/robotics/custom-player-plugins/}; accessed \today"
}

@article{ydlidar,
    title = {{YDLidar X4 Datasheet}},
    note = "Available: \url{https://www.elecrow.com/download/X4_Lidar_Datasheet.pdf}; accessed \today"
}

@article{Hunter:2007,
  Author    = {Hunter, J. D.},
  Title     = {Matplotlib: A 2D graphics environment},
  Journal   = {Computing in Science \& Engineering},
  Volume    = {9},
  Number    = {3},
  Pages     = {90--95},
  abstract  = {Matplotlib is a 2D graphics package used for Python for
  application development, interactive scripting, and publication-quality
  image generation across user interfaces and operating systems.},
  publisher = {IEEE COMPUTER SOC},
  doi       = {10.1109/MCSE.2007.55},
  year      = 2007
}

@phdthesis{robo,
    title = {{PerceptionBot: Design and Development of an Autonomous Robotic Platform with Features such as Perception, Path Planning, Control, and Object Detection}},
    author = {Martin Fisch, Joern Messner, Gabor Tajnafoi, Kevin Todd, Jack Westmore},
    year = {2019}
}

@book{Halfacree:2012:RPU:2432381,
 author = {Halfacree, Gareth and Upton, Eben},
 title = {Raspberry Pi User Guide},
 year = {2012},
 isbn = {111846446X, 9781118464465},
 edition = {1st},
 publisher = {Wiley Publishing},
} 

@article{raspbian,
    title = {{R}aspbian},
    note = "Available: \url{https://www.raspbian.org}; accessed \today"
}

@book{chong2013introduction,
  title={An introduction to optimization},
  author={Chong, Edwin KP and Zak, Stanislaw H},
  volume={76},
  year={2013},
  publisher={John Wiley \& Sons}
}